<?xml version="1.0" encoding="UTF-8"?>
<record xmlns="http://www.loc.gov/MARC21/slim">
   <leader>01242cam a22002295  4500</leader>
   <controlfield tag="001">1777500</controlfield>
   <controlfield tag="003">NjP</controlfield>
   <controlfield tag="005">20170313170553.0</controlfield>
   <controlfield tag="008">991112s1928    ua            000 0 ara d</controlfield>
   <datafield tag="024" ind1="7" ind2=" ">
      <subfield code="a">princeton_aco004208</subfield>
      <subfield code="2">local</subfield>
   </datafield>
   <datafield ind1=" " ind2=" " tag="035">
      <subfield code="a">(OCoLC)ocm42817055</subfield>
   </datafield>
   <datafield ind1=" " ind2=" " tag="035">
      <subfield code="9">CFY9253TS</subfield>
   </datafield>
   <datafield ind1=" " ind2=" " tag="040">
      <subfield code="a">PUL</subfield>
      <subfield code="c">PUL</subfield>
   </datafield>
   <datafield ind1="1" ind2=" " tag="041">
      <subfield code="a">ara</subfield>
      <subfield code="h">eng</subfield>
   </datafield>
   <datafield ind1="1" ind2=" " tag="100">
      <subfield code="a">Blunt, Wilfrid Scawen,</subfield>
      <subfield code="d">1840-1922.</subfield>
      <subfield code="0">http://id.loc.gov/authorities/names/n79145387</subfield>
   </datafield>
   <datafield ind1="0" ind2="3" tag="245">
      <subfield code="a">al-Tārikh al-sirrī li-iḥtilāl Ingiltirrā Miṣr ... Rājaʻahu Muḥammad ʻAbduh.</subfield>
      <subfield code="b">Tamhīd bi-qalam ʻAbd al-Qādir Ḥamzah. Dhayl lil-kitāb yaḥtawī ʻalā tārīkh li-ʻUrābī bi-qalamihi wa-baʻḍ ḥawādith sanat 1882 bi-qalamihi ayḍan; wa-taqrīrayn ʻan baʻ̣ḍ al-ḥawādith bi-qalam Muḥammad ʻAbduh ...</subfield>
   </datafield>
   <datafield ind1=" " ind2=" " tag="260">
      <subfield code="a">[Cairo,</subfield>
      <subfield code="b">Maṭbaʻat al-Balāgh al-Usbūʻī</subfield>
      <subfield code="c">[1928]</subfield>
   </datafield>
   <datafield ind1=" " ind2=" " tag="300">
      <subfield code="a">476 p.</subfield>
      <subfield code="c">27 cm.</subfield>
   </datafield>
   <datafield ind1=" " ind2=" " tag="546">
      <subfield code="a">Arabic translation of Secret history of the English occupation of Egypt.</subfield>
   </datafield>
   <datafield ind1=" " ind2="0" tag="651">
      <subfield code="a">Egypt</subfield>
      <subfield code="x">History</subfield>
      <subfield code="y">British occupation, 1882-1936.</subfield>
      <subfield code="0">http://id.loc.gov/authorities/subjects/sh85041304</subfield>
   </datafield>
   <datafield ind1="1" ind2="0" tag="600">
      <subfield code="a">ʻUrābī, Aḥmad,</subfield>
      <subfield code="d">1840 or 1841-1911.</subfield>
      <subfield code="0">http://id.loc.gov/authorities/names/n83009078</subfield>
   </datafield>
   <datafield ind1=" " ind2=" " tag="947">
      <subfield code="a">CFY9253</subfield>
   </datafield>
   <datafield ind1=" " ind2=" " tag="911">
      <subfield code="a">20000130</subfield>
   </datafield>
   <datafield ind1="0" ind2="0" tag="852">
      <subfield code="0">2041097</subfield>
      <subfield code="b">rcppa</subfield>
      <subfield code="t">0</subfield>
      <subfield code="h">DT107.4</subfield>
      <subfield code="i">.B712 1928</subfield>
      <subfield code="x">tr fr f20</subfield>
   </datafield>
   <datafield ind1=" " ind2=" " tag="959">
      <subfield code="a">2000-06-13 00:00:00 -0500</subfield>
   </datafield>
</record>
